@article{John88p14,
	title={Financial engineering in corporate finance: An overview},
	author={Finnerty, John D},
	journal={Financial management},
	pages={14--33},
	year={1988},
	publisher={JSTOR}
}
@inproceedings{chen22p2316,
	title={An Overview of Bond Pricing Models and Duration of Bonds},
	author={Chen, Jieyi},
	booktitle={2022 7th International Conference on Financial Innovation and Economic Development (ICFIED 2022)},
	pages={2316--2320},
	year={2022},
	organization={Atlantis Press}
}
@article{eom2004structural,
	title={Structural models of corporate bond pricing: An empirical analysis},
	author={Eom, Young Ho and Helwege, Jean and Huang, Jing-zhi},
	journal={The Review of Financial Studies},
	volume={17},
	number={2},
	pages={499--544},
	year={2004},
	publisher={Oxford University Press}
}
@article{batten2014convertible,
	title={Convertible bond pricing models},
	author={Batten, Jonathan A and Khaw, Karren Lee-Hwei and Young, Martin R},
	journal={Journal of Economic Surveys},
	volume={28},
	number={5},
	pages={775--803},
	year={2014},
	publisher={Wiley Online Library}
}
@article{Jason22,
	title={Bond: Financial Meaning With Examples and How They Are Priced},
	author={ JASON FERNANDO},
	journal={Investopedia},
	url = {https://www.investopedia.com/terms/b/bond.asp#toc-characteristics-of-bonds},
	year={2022},
	publisher={Investopedia}
}
@article{deng2015pricing,
	title={Pricing American put option on zero-coupon bond in a jump-extended CIR model},
	author={Deng, Guohe},
	journal={Communications in Nonlinear Science and Numerical Simulation},
	volume={22},
	number={1-3},
	pages={186--196},
	year={2015},
	publisher={Elsevier}
}
@article{malkiel1962expectations,
	title={Expectations, bond prices, and the term structure of interest rates},
	author={Malkiel, Burton G},
	journal={The Quarterly Journal of Economics},
	pages={197--218},
	year={1962},
	publisher={JSTOR}
}
@article{marsh1983stochastic,
	title={Stochastic processes for interest rates and equilibrium bond prices},
	author={Marsh, Terry A and Rosenfeld, Eric R},
	journal={The Journal of Finance},
	volume={38},
	number={2},
	pages={635--646},
	year={1983},
	publisher={JSTOR}
}
@article{ehiwario2014comparative,
	title={Comparative study of bisection, Newton-Raphson and secant methods of root-finding problems},
	author={Ehiwario, JC and Aghamie, SO},
	journal={IOSR Journal of Engineering},
	volume={4},
	number={4},
	pages={01--07},
	year={2014}
}
@inproceedings{zingg1997review,
	title={A review of high-order and optimized finite-difference methods for simulating linear wave phenomena},
	author={Zingg, DAVIDW and Zingg, D},
	booktitle={13th Computational Fluid Dynamics Conference},
	pages={2088},
	year={1997}
}
@inproceedings{rouabah2012gnss,
	title={GNSS Multipath mitigation using Finitedifference derivatives with Five-Point Stencil},
	author={Rouabah, Khaled and Atia, Salim and Flissi, Mustapha and Medjdoub, Smail and Chikouche, Djamel},
	booktitle={2012 6th International Conference on Sciences of Electronics, Technologies of Information and Telecommunications (SETIT)},
	pages={690--695},
	year={2012},
	organization={IEEE}
}
  @misc{ enwiki:1092596846,
	author = "{Wikipedia contributors}",
	title = "Five-point stencil --- {Wikipedia}{,} The Free Encyclopedia",
	year = "2022",
	url = "https://en.wikipedia.org/w/index.php?title=Five-point_stencil&oldid=1092596846",
	note = "[Online; accessed 12-November-2022]"
}
@phdthesis{maclaurin2016modeling,
	title={Modeling, inference and optimization with composable differentiable procedures},
	author={Maclaurin, Dougal},
	year={2016}
}
@article{bolte2020mathematical,
	title={A mathematical model for automatic differentiation in machine learning},
	author={Bolte, Jerome and Pauwels, Edouard},
	journal={Advances in Neural Information Processing Systems},
	volume={33},
	pages={10809--10819},
	year={2020}
}
@article{baydin2014automatic,
	title={Automatic differentiation of algorithms for machine learning},
	author={Baydin, Atilim Gunes and Pearlmutter, Barak A},
	journal={arXiv preprint arXiv:1404.7456},
	year={2014}
}
@inproceedings{villazon1991bond,
	title={Bond Duration, Yield to Maturity and Bifurcation Analysis},
	author={Villaz{\'o}n, C{\'e}sar},
	booktitle={Second AFIR Colloquium. At www. actuaries. org/AFIR/Colloquia/Brighton/Villazon. pdf},
	year={1991}
}